<record><leader>00000cas a22000007a 4500</leader><controlfield tag="001">23455879</controlfield><controlfield tag="008">910411d19481949ohuwr ne      0    0eng d</controlfield><datafield ind1=" " ind2=" " tag="010"><subfield code="a">sn 91069107 </subfield></datafield><datafield ind1=" " ind2=" " tag="040"><subfield code="a">ONP</subfield><subfield code="b">eng</subfield><subfield code="c">ONP</subfield><subfield code="d">OCLCQ</subfield></datafield><datafield ind1=" " ind2=" " tag="042"><subfield code="a">msc</subfield></datafield><datafield ind1="0" ind2="4" tag="245"><subfield code="a">The Twinsburg observer.</subfield></datafield><datafield ind1=" " ind2=" " tag="260"><subfield code="a">Twinsburg, Summit County, Ohio :</subfield><subfield code="b">Phil and Josephine Box,</subfield><subfield code="c">1948-1949.</subfield></datafield><datafield ind1=" " ind2=" " tag="300"><subfield code="a">v.</subfield></datafield><datafield ind1=" " ind2=" " tag="310"><subfield code="a">Weekly</subfield></datafield><datafield ind1="0" ind2=" " tag="362"><subfield code="a">Vol. 1, no. 1 (Mar. 18, 1948)-v. 3, no. 21 (Feb. 11, 1949).</subfield></datafield><datafield ind1=" " ind2=" " tag="515"><subfield code="a">Issues for Aug. 19, 1948-Feb. 11, 1949 also numbered 22nd issue- 45th issue.</subfield></datafield><datafield ind1=" " ind2=" " tag="752"><subfield code="a">United States</subfield><subfield code="b">Ohio</subfield><subfield code="c">Summit</subfield><subfield code="d">Twinsburg.</subfield></datafield><datafield ind1="0" ind2="0" tag="780"><subfield code="t">Observer (Twinsburg, Ohio)</subfield><subfield code="w">(DLC)sn 91069108</subfield></datafield></record>